<?xml version="1.0" encoding="UTF-8"?><collection xmlns="http://www.loc.gov/MARC21/slim"><record><leader>00529nam--2200145-u-4500</leader><controlfield tag="001">000056583</controlfield><controlfield tag="002">20161230</controlfield><controlfield tag="005">20161230201052</controlfield><controlfield tag="008">160120s1000------------r-----000-0-eng-d</controlfield><datafield ind1="1" ind2=" " tag="100"><subfield code="a">Landolt-bornstein</subfield></datafield><datafield ind1="1" ind2=" " tag="245"><subfield code="a">Zahlenwerte und funktionen aus naturwissenschaften und technik. neue serie: gruppe vi. astronomie. astrophysik und weltraumforschung. band i. astronomie und astrophysik</subfield><subfield code="c">Landolt-bornstein</subfield></datafield><datafield ind1=" " ind2=" " tag="260"><subfield code="a">Berlin</subfield><subfield code="b">Springer-veerlag</subfield><subfield code="c">1965</subfield></datafield><datafield ind1=" " ind2=" " tag="300"><subfield code="a">XXXIX+711P</subfield></datafield><datafield ind1=" " ind2=" " tag="852"><subfield code="a">17006</subfield><subfield code="c">53.081</subfield></datafield><datafield ind1=" " ind2=" " tag="CAT"><subfield code="a">Sys</subfield><subfield code="c">20160120</subfield><subfield code="h">112222</subfield></datafield></record></collection>